%------------------------
%-- Mineração de Dados --
%------------------------

@book{tan2009introducao,
  title={Introdu{\c{c}}{\~a}o ao datamining: minera{\c{c}}{\~a}o de dados},
  author={Tan, P.N. and Steinbach, M. and Kumar, V. and FERNANDES, A.},
  isbn={9788573937619},
  url={https://books.google.com.br/books?id=69d6PgAACAAJ},
  year={2009},
  publisher={Ciencia Moderna}
}

@book{han2011data,
  title={Data Mining: Concepts and Techniques},
  author={Han, J. and Pei, J. and Kamber, M.},
  isbn={9780123814807},
  lccn={2011010635},
  series={The Morgan Kaufmann Series in Data Management Systems},
  url={https://books.google.com.br/books?id=pQws07tdpjoC},
  year={2011},
  publisher={Elsevier Science}
}