% ----------- Data Mining ---------

@book{tan2009introducao,
  title={Introdu{\c{c}}{\~a}o ao datamining: minera{\c{c}}{\~a}o de dados},
  author={Tan, P.N. and Steinbach, M. and Kumar, V. and FERNANDES, A.},
  isbn={9788573937619},
  url={https://books.google.com.br/books?id=69d6PgAACAAJ},
  year={2009},
  publisher={Ciencia Moderna}
}

@book{han2011data,
  title={Data Mining: Concepts and Techniques},
  author={Han, J. and Pei, J. and Kamber, M.},
  isbn={9780123814807},
  lccn={2011010635},
  series={The Morgan Kaufmann Series in Data Management Systems},
  url={https://books.google.com.br/books?id=pQws07tdpjoC},
  year={2011},
  publisher={Elsevier Science}
}

@book{zaki2014data,
  title={Data Mining and Analysis: Fundamental Concepts and Algorithms},
  author={Zaki, M.J. and Meira, W.},
  isbn={9780521766333},
  lccn={2013037544},
  url={https://books.google.com.br/books?id=Gh9GAwAAQBAJ},
  year={2014},
  publisher={Cambridge University Press}
}

@book{kaufman1990finding,
  title={Finding Groups in Data: An Introduction to Cluster Analysis},
  author={Kaufman, L. and Rousseeuw, P.J.},
  isbn={9780471878766},
  lccn={lc89031460},
  series={Wiley Series in Probability and Statistics},
  url={https://books.google.com.br/books?id=Q5wQAQAAIAAJ},
  year={1990},
  publisher={Wiley}
}

% ----------- Data Reduction ---------

@Inbook{Garcia2015,
  author    = {Garc{\'i}a, Salvador and Luengo, Juli{\'a}n and Herrera, Francisco},
  chapter   = {Data Reduction},
  title     = {Data Preprocessing in Data Mining},
  year      = {2015},
  publisher = {Springer International Publishing},
  pages     = {147--162},
  isbn      = {978-3-319-10247-4},
  doi       = {10.1007/978-3-319-10247-4_6}
}

% ----------- Time Series ---------

@book{morettin2006analise,
  title={An{\'a}lise de s{\'e}ries temporais},
  author={Morettin, P.A. and de Castro Toloi, C.M.},
  isbn={9788521203896},
  series={ABE - Projeto Fisher},
  url={https://books.google.com.br/books?id=Q7bJAAAACAAJ},
  year={2006},
  publisher={Edgard Blucher}
}

% ----------- Fractals ---------

@book{Schroeder91,
  author = {Schroeder, Manfred},
  title = {Fractals, Chaos, Power Laws: Minutes From an Infinite Paradise},
  year = {1991},
  publisher = {W. H. Freeman}
}